@INPROCEEDINGS{karypis99b,
AUTHOR = "George Karypis and Vipin Kumar",
TITLE = "Multilevel $k$-way hypergraph partitioning",
BOOKTITLE = "Proceedings 36th {ACM/IEEE} Conference on Design Automation",
PAGES =  "343-348",
PUBLISHER = "ACM Press, New York",
YEAR = 1999,
     }

@INPROCEEDINGS{catalyurek01,
AUTHOR = "{\"{U}}mit V. {\c{C}ataly\"{u}rek} and Cevdet Aykanat",
 title = {A Fine-Grain Hypergraph Model for {2D} Decomposition of Sparse Matrices},
 booktitle = {Proceedings of the 15th International Parallel \& Distributed Processing Symposium},
 year = {2001},
 pages = {118},
 publisher = {IEEE Computer Society},
}

@BOOK{lengauer90,
AUTHOR = "Thomas Lengauer",
title = "Combinatorial algorithms for integrated circuit layout",
publisher = "John Wiley and Sons, Chichester, UK",
year = 1990,
     }

@INPROCEEDINGS{pelt14,
AUTHOR = "{Dani\"{e}l} M. Pelt and Rob H. Bisseling",
TITLE = "A medium-grain method for fast {2D} bipartitioning of sparse matrices",
BOOKTITLE = "Proceedings {IEEE} International Parallel and Distributed Processing Symposium 2014",
YEAR = 2014,
PUBLISHER = "IEEE Press",
pAGES = "529-539",
     }

@Article{catalyurek99,
  Title                    = {Hypergraph-Partitioning-Based
Decomposition for Parallel Sparse-Matrix Vector Multiplication},
  Author                   = {{\"{U}}mit V. {\c{C}ataly\"{u}rek} and Cevdet Aykanat},
  Journal                  = {IEEE Transactions on Parallel and Distributed Systems},
  Year                     = {1999},
  Number                   = {7},
  Pages                    = {673--693},
  Volume                   = {10},
}

@Article{davis11,
  Title                    = {The {U}niversity of {F}lorida sparse matrix collection},
  Author                   = {Davis, Timothy A. and Hu, Yifan},
  Journal                  = {{ACM} Transactions on Mathematical Software},
  Year                     = {2011},
  Number                   = {1},
  Pages                    = {1:1-1:25},
  Volume                   = {38},
}

@Article{vastenhouw05,
  Title                    = {A two-dimensional data distribution method
for parallel sparse matrix-vector multiplication},
  Author                   = {Brendan Vastenhouw and Rob H. Bisseling},
  Journal                  = {SIAM Review},
  Year                     = {2005},
  Number                   = {1},
  Pages                    = {67--95},
  Volume                   = {47},
}

@INPROCEEDINGS{devine06,
AUTHOR = "K. D. Devine and E. G. Boman and R.T. Heaphy and R. H. Bisseling and U. V. Catalyurek",
TITLE = "Parallel Hypergraph Partitioning for Scientific Computing",
BOOKTITLE = "Proceedings {IEEE} International Parallel and
             Distributed Processing Symposium 2006",
PUBLISHER = "IEEE Press",
PAGES = 102,
YEAR = 2006,
     }

@article{land60,
     title = {An Automatic Method of Solving Discrete Programming Problems},
     author = {Land, A. H. and Doig, A. G.},
     journal = {Econometrica},
     volume = {28},
     number = {3},
     pages = {497-520},
     year = {1960},
    }


@article{hager13,
year={2013},
journal={Mathematical Programming},
volume={137},
number={1-2},
title={An exact algorithm for graph partitioning},
author={Hager, William W. and Phan, Dzung T. and Zhang, Hongchao},
pages={531-556},
}

@article{trifunovic08,
  title={Parallel multilevel algorithms for hypergraph partitioning},
  author={Trifunovi{\'c}, Aleksandar and Knottenbelt, William J},
  journal={Journal of Parallel and Distributed Computing},
  volume={68},
  number={5},
  pages={563--581},
  year={2008},
}

@ARTICLE{pelt15,
AUTHOR = "{Dani\"{e}l} M. Pelt and Rob H. Bisseling",
TITLE = "An exact algorithm for sparse matrix bipartitioning",
JOURNAL = "Journal of Parallel and Distributed Computing",
VOLUME = 85,
PAGES = "79-90",
YEAR = 2015,
     }

@ARTICLE{heukelum02,
AUTHOR = "A. van Heukelum and G. T. Barkema and R. H. Bisseling",
TITLE = "{DNA} electrophoresis studied with the cage model",
JOURNAL = "Journal of Computational Physics",
VOLUME= 180,
NUMBER = 1,
PAGES = "313-326",
YEAR = "2002",
     }   

@inproceedings{akhremtsev17,
author = {Yaroslav Akhremtsev and Tobias Heuer and Peter Sanders and Sebastian Schlag},
title = {Engineering a direct $k$-way Hypergraph Partitioning Algorithm},
booktitle = {Proceedings of the Nineteenth Workshop on Algorithm Engineering and Experiments ({ALENEX})},
pages = {28-42},
year=2017,
doi = {10.1137/1.9781611974768.3},
}

@article{bui92,
 author = {Bui, Thang Nguyen and Jones, Curt},
 title = {Finding Good Approximate Vertex and Edge Partitions is {NP}-hard},
 journal = {Information Processing Letters},
 volume = {42},
 number = {3},
 year = {1992},
 pages = {153--159},
 doi = {10.1016/0020-0190(92)90140-Q},
} 



@book{garey79,
 author = {Garey, Michael R. and Johnson, David S.},
 title = {Computers and Intractability; A Guide to the Theory of $\mathcal{NP}$-Completeness},
 year = {1979},
 publisher = {W. H. Freeman \& Co.},
 address = {New York, NY, USA},
} 


@article{felner05,
title = {Finding optimal solutions to the graph partitioning
         problem with heuristic search},
author = {Ariel Felner},
journal = {Annals of Mathematics and Artificial Intelligence},
year = 2005,
Volume = 45,
number = {3--4},
pages = {293--322},
}

@article{karisch00,
  author    = {Stefan E. Karisch and
               Franz Rendl and
               Jens Clausen},
  title     = {Solving Graph Bisection Problems with Semidefinite Programming},
  journal   = {{INFORMS} Journal on Computing},
  volume    = {12},
  number    = {3},
  pages     = {177--191},
  year      = {2000},
}


@inproceedings{sensen01,
  author    = {Norbert Sensen},
  title     = {Lower Bounds and Exact Algorithms for the Graph Partitioning Problem
               Using Multicommodity Flows},
  booktitle = {Algorithms - Proceedings {ESA} 2001},
  pages     = {391--403},
  year      = {2001},
  series    = {Lecture Notes in Computer Science},
  volume    = {2161},
  publisher = {Springer},
}

@article{delling14,
year={2014},
journal={Mathematical Programming},
title={An exact combinatorial algorithm for minimum graph bisection},
author={Delling, Daniel and Fleischman, Daniel and Goldberg, Andrew V. and Razenshteyn, Ilya and Werneck, Renato F.},
pages={1-42},
}

@article{mumcuyan18,
author = {Mumcuyan, Aras and Usta, Baran and Kaya, Kamer and {Yenig\"{u}n},
 {H\"{u}sn\"{u}}},
title = {Optimally bipartitioning sparse matrices with reordering and parallelization},
journal = {Concurrency and Computation: Practice and Experience},
volume = {30},
number = {21},
pages = {e4687},
year=2018,
doi = {10.1002/cpe.4687},
}

@article{kucar04,
title = {Hypergraph partitioning techniques},
author = {Dorothy Kucar and Shawki Areibi and Anthony Vannelli},
journal = {Dynamics of Continuous, Discrete and Impulsive Systems Series A: Mathematical Analysis},
year = 2004,
Volume = 11,
number = {2--3a},
pages = {339--367},
}

@INPROCEEDINGS{bisseling05,
AUTHOR = "Rob H. Bisseling and
{Jaros{\l}aw} Byrka and
Selin Cerav-Erbas and
{Neboj\v{s}a} {Gvozdenovi\'{c}} and
Mathias Lorenz and
Rudi Pendavingh and
Colin Reeves and
Matthias {R\"{o}ger} and
Arie Verhoeven",
TITLE = "Partitioning a Call Graph",
BOOKTITLE = "Proceedings Study Group Mathematics with Industry 2005, Amsterdam",
PUBLISHER = "CWI, Amsterdam",
PAGES= "95-107",
YEAR = 2005,
     }

@article{caldwell00,
  author    = {Andrew E. Caldwell and
               Andrew B. Kahng and
               Igor L. Markov},
  title     = {Optimal partitioners and end-case placers for standard-cell layout},
  journal   = {{IEEE} Trans. on {CAD} of Integrated Circuits and Systems},
  volume    = {19},
  number    = {11},
  pages     = {1304--1313},
  year      = {2000},
}



@article{gb-np-complete,
  title={Some simplified $\mathcal{NP}$-complete graph problems},
  author={Garey, Michael R and Johnson, David S. and Stockmeyer, Larry},
  journal={Theoretical Computer Science},
  volume={1},
  number={3},
  pages={237--267},
  year={1976},
  publisher={Elsevier}
}

@article{menger1927allgemeinen,
  title={Zur allgemeinen {K}urventheorie},
  author={Menger, Karl},
  journal={Fundamenta Mathematicae},
  volume={10},
  number={1},
  pages={96--115},
  year={1927},
  publisher={Institute of Mathematics Polish Academy of Sciences}
}

@book{thomas2001introduction,
  title={Introduction to algorithms},
  author={Thomas H.. Cormen and Leiserson, Charles Eric and Rivest, Ronald L and Stein, Clifford},
  volume={6},
  year={2001},
  publisher={MIT press Cambridge}
}

