
@article{exact,
  title={An exact algorithm for sparse matrix bipartitioning},
  author={Pelt, Dani{\"e}l M and Bisseling, Rob H},
  journal={Journal of Parallel and Distributed Computing},
  volume={85},
  pages={79--90},
  year={2015},
  publisher={Academic Press}
}

@article{peltthesis,
  title={Matrix Partitioning: Optimal bipartitioning and heuristic solutions.},
  author={Pelt, Dani{\"e}l Maria},
  year={2011}
}

@article{npbook,
  title={Computers and intractability: a guide to the theory of $\mathcal{NP}$-completeness. 1979},
  author={Garey, Michael R and Johnson, David S},
  journal={San Francisco, LA: Freeman},
  year={1979}
}

@article{balancedgraphpartitioning,
  title={Balanced graph partitioning},
  author={Andreev, Konstantin and Racke, Harald},
  journal={Theory of Computing Systems},
  volume={39},
  number={6},
  pages={929--939},
  year={2006},
  publisher={Springer}
}

@article{floridacollection,
  title={The University of Florida sparse matrix collection},
  author={Davis, Timothy A and Hu, Yifan},
  journal={ACM Transactions on Mathematical Software (TOMS)},
  volume={38},
  number={1},
  pages={1},
  year={2011},
  publisher={ACM}
}

@inproceedings{delling2012exact,
  title={Exact combinatorial branch-and-bound for graph bisection},
  author={Delling, Daniel and Goldberg, Andrew V and Razenshteyn, Ilya and Werneck, Renato F},
  booktitle={Proceedings of the Meeting on Algorithm Engineering \& Expermiments},
  pages={30--44},
  year={2012},
  organization={Society for Industrial and Applied Mathematics}
}

@article{somenpcomplete,
  title={Some simplified $\mathcal{NP}$-complete graph problems},
  author={Garey, Michael R and Johnson, David S. and Stockmeyer, Larry},
  journal={Theoretical computer science},
  volume={1},
  number={3},
  pages={237--267},
  year={1976},
  publisher={Elsevier}
}

@article{bb,
  title={An automatic method of solving discrete programming problems},
  author={Land, Ailsa H and Doig, Alison G},
  journal={Econometrica: Journal of the Econometric Society},
  pages={497--520},
  year={1960},
  publisher={JSTOR}
}
@article{menger1927allgemeinen,
  title={Zur allgemeinen {K}urventheorie},
  author={Menger, Karl},
  journal={Fundamenta Mathematicae},
  volume={10},
  number={1},
  pages={96--115},
  year={1927},
  publisher={Institute of Mathematics Polish Academy of Sciences}
}

@book{thomas2001introduction,
  title={Introduction to algorithms},
  author={Thomas H.. Cormen and Leiserson, Charles Eric and Rivest, Ronald L and Stein, Clifford},
  volume={6},
  year={2001},
  publisher={MIT press Cambridge}
}

@book{karp1972reducibility,
  title={Reducibility among combinatorial problems},
  author={Karp, Richard M},
  year={1972},
  publisher={Springer}
}

@article{davis2011university,
  title={The {U}niversity of {F}lorida sparse matrix collection},
  author={Davis, Timothy A and Hu, Yifan},
  journal={ACM Transactions on Mathematical Software (TOMS)},
  volume={38},
  number={1},
  pages={1},
  year={2011},
  publisher={ACM}
}

